<?xml version="1.0" encoding="UTF-8"?><collection xmlns="http://www.loc.gov/MARC21/slim"><record><leader>00403nam--2200157-i-4500</leader><controlfield tag="001">000046597</controlfield><controlfield tag="002">20161230</controlfield><controlfield tag="005">20170122222310</controlfield><controlfield tag="008">060222s1000------------r-----000-0-eng-d</controlfield><datafield ind1=" " ind2=" " tag="080"><subfield code="a">002.008</subfield></datafield><datafield ind1=" " ind2=" " tag="100"><subfield code="a">Verona, R</subfield></datafield><datafield ind1=" " ind2=" " tag="245"><subfield code="a">Organizarea activitatii de documentare. Studiu documentar</subfield></datafield><datafield ind1=" " ind2=" " tag="260"><subfield code="a">Bucuresti</subfield><subfield code="b">I.D.T</subfield><subfield code="c">1966</subfield></datafield><datafield ind1=" " ind2=" " tag="300"><subfield code="a">85 p.+1 Schema</subfield></datafield><datafield ind1=" " ind2=" " tag="852"><subfield code="a">25239</subfield></datafield><datafield ind1=" " ind2=" " tag="CAT"><subfield code="a">SYS</subfield><subfield code="c">20170122</subfield><subfield code="h">222310</subfield></datafield></record></collection>